@misc{Github, url = www.google.ch}